@string{UHeidel = "Universit{\"a}t Heidelberg"}
@string{IWR = "Interdisziplin{\"a}res Zentrum f{\"u}r wissenschaftliches
                  Rechnen der " # UHeidel} 
@string{aachen = {RWTH, Aachen}}
@string{aams = {Abstracts Amer.\ Math.\ Soc.}}
@string{abhhamburg = {Abh.\ Math.\ Sem.\ Univ.\ Hamburg}}
@string{abstractalgebra = {Computational Problems in Abstract Algebra}}
@string{academic = {Academic Press}}
@string{ACM = {Association for Computing Machinery}}
@string{actamath = {Acta Math.}}
@string{addison = {Addison-Wesley}}
@string{ams = "American Mathematical Society"}
@string{ANU = {Australian National University}}
@string{anu = {Australian National University}}
@string{archiv = {Arch.\ Math.\ $($Basel$)$}}
@string{bams = {Bull.\ Amer.\ Math.\ Soc.\ (N.~S.)}}
@string{berlin = {Berlin, Heidelberg, New York}}
@string{blms = {Bull.\ London Math.\ Soc.}}
@string{boz = {Bull.\ Austral.\ Math.\ Soc.}}
@string{cgt = {Computational Group Theory}}
@string{cup = {Cambridge University Press}}
@string{commalg = {Comm.\ Algebra}},
@string{cr = {C.~R.\ Acad.\ Sci.\ Paris S{\'e}r.\ I Math.}}
@string{DiscMath = {Discrete Math.}}
@string{discmath = {Discrete Math.}}
@string{dipl = {Di\-plom\-ar\-beit}}
@string{duke = {Duke Math.\ J.}}
@string{durham = {(Durham, 1982)}}
@string{edinburgh = {Proc.\ Edinburgh Math.\ Soc.}}
@string{edinburgh2 = {Proc.\ Edinburgh Math.\ Soc.\ $(2)$}}
@string{ergeb = {Ergeb.\ Math.\ Grenzgeb.}}
@string{ergeb2 = {Ergeb.\ Math.\ Grenzgeb.\ $(2)$}}
@string{ergeb3 = {Ergeb.\ Math.\ Grenzgeb.\ $(3)$}}
@string{gazette = {Austral.\ Math.\ Soc.\ Gaz.}}
@string{glasgow = {Glasgow Math.\ J.}}
@string{grund = {Grundlehren Math.\ Wiss.}}
@string{gtm = {Graduate Texts in Math.}}
@string{illinois = {Illinois J.\ Math.}}
@string{invent = {Invent.\ Math.}}
@string{israel = {Israel J.\ Math.}}
@string{jalg = {J.\ Algebra}}
@string{JAlgor = {J.\ Algorithms}}
@string{jalgor = {J.\ Algorithms}}
@string{jamsj = {J.\ Amer.\ Math.\ Soc.}}
@string{jlms = {J.\ London Math.\ Soc.}}
@string{jlms2 = {J.\ London Math.\ Soc.\ $(2)$}}
@string{jnumth = {J.\ Number Theory}},
@string{joz = {J.\ Austral.\ Math.\ Soc.\ Ser.\ A}}
@string{jpaa = {J.\ Pure Appl.\ Algebra}}
@string{jsc = {J.\ Symbolic Comput.}}
@string{Kiel = {Universit{\"a}t Kiel}},
@string{laa = {Linear Algebra Appl.}}
@string{lncs = {Lecture Notes in Comput.\ Sci.}}
@string{lnlms = {London Math.\ Soc.\ Lecture Note Ser.}}
@string{lnm = {Lecture Notes in Math.}}
@string{lomi = {Zap.\ Nauchn.\ Sem.\ Leningrad.\ Otdel.\ Mat.\ Inst.\ Steklov.\ (LOMI)}}
@string{london = {London, New York}}
@string{mams = {Mem.\ Amer.\ Math.\ Soc.}}
@string{mathann = {Math.\ Ann.}}
@string{mathcomp = {Math.\ Comp.}}
@string{mathgaz = {Math.\ Gaz.}}
@string{mathmag = {Math.\ Mag.}}
@string{mathmonthly = {Amer.\ Math.\ Monthly}}
@string{melbourne = {University of Melbourne}}
@string{michigan = {Michigan Math.\ J.}}
@string{MIT = {Massachusetts Institute of Technology}}
@string{mlms = {London Math.\ Soc.\ Monographs}}
@string{mlmsns = {London Math.\ Soc.\ Monographs,\ (N.\ S.)}}

@string{mz = {Math.~Z.}}
@string{NAMS = {Notices Amer.\ Math.\ Soc.}}
@string{nams = {Notices Amer.\ Math.\ Soc.}}
@string{NumMath = {Numer.\ Math.}}
@string{nummath = {Numer.\ Math.}}
@string{oup = {Oxford University Press}}
@string{oxford67 = {(Oxford, 1967)}}
@string{oxfordmm = {Oxford Math.\ Monographs}}
@string{pacific = {Pacific J.\ Math.}}
@string{pams = {Proc.\ Amer.\ Math.\ Soc.}}
@string{pergamon = {Pergamon Press}}
@string{plms = {Proc.\ London Math.\ Soc.}}
@string{plms1 = {Proc.\ London Math.\ Soc.\ $(1)$}}
@string{plms2 = {Proc.\ London Math.\ Soc.\ $(2)$}}
@string{plms3 = {Proc.\ London Math.\ Soc.\ $(3)$}}
@string{prenticehall = {Prentice-Hall Internat.\ Ser.\ Comput.\ Sci.}}
@string{prslondon = {Proc.\ Roy.\ Soc.\ London}}
@string{qjm = {Quart.\ J.\ Math.\ Oxford Ser.}}
@string{qjm2 = {Quart.\ J.\ Math.\ Oxford Ser.\ $(2)$}}
@string{reine = {J.\ Reine Angew.\ Math.}}
@string{springer = {Springer-Verlag}}
@string{StAndrews = {University of St Andrews}}
@string{standrews = {University of St Andrews}}
@string{stlms = {London Math.\ Soc.\ Stud.\ Texts}}
@string{sydney = {University of Sydney}}
@string{SydneyCS = {Basser Department of Computer Science}}
@string{sydneycs = {Basser Department of Computer Science}}
@string{SydneyPM = {Department of Pure Mathematics}}
@string{sydneypm = {Department of Pure Mathematics}}
@string{tams = {Trans.\ Amer.\ Math.\ Soc.}}
@string{unsw = {University of New South Wales}}
@string{uwa = {University of Western Australia}}
@string{vlee = {M.~R.\ Vaughan-Lee}}
@string{vlum = {Vestnik Leningrad.\ Univ.\ Mat.\ Mekh.\ Astronom.}}
@string{eujc = {European Journal of Combinatorics}}
@string{manmath = "Manuscripta Mathematica"}
@string{ejc = "Electronic Journal of Combinatorics"}
@string{jgt = "Journal of Graph Theory"}
@string{jac = "Journal of Algebraic Combinatorics"}
@string{advmath = "Advances in Mathematics"}
@string{mpcps = "Math.\ Proc.\ Camb.\ Phil.\ Soc."}
@string{gd = "Geometriae Dedicatat"}
@string{ieeetit = "IEEE Transactions on Information Theory"}
@string{AdvMath = "Adv. Math."}
@string{BayreuMS = "Bayreuther Math. Schr."}
@string{JAlg = "J. Algebra"}
@string{Manuscr = "Manuscripta Math."}

@string{RWTH = "RWTH"}
@string{RWTH-A = "Aachen"}
@string{LBfM = "Lehrstuhl B f{\"u}r Mathematik, RWTH"}

@string{ijac = "Internat. Journal of Algebra and Computation"}
@string{rwthldfm  = "Lehrstuhl {D} f{\"u}r Mathematik, {RWTH-A}achen"}

@string{expmath = "Experimental Mathematics"}
@string{akos = "{\,A}. Seress"}
