% by MR.
% only verified citations(SCI or hand)

@article{donaldson2005c,
 author = {Donaldson, A. F. and Miller, A. and Calder, M.},
 title = {Finding Symmetry in Models of Concurrent Systems by Static Channel Diagram Analysis},
 booktitle = {Proceedings of the Fouth International Workshop on Automated Verification of Critical Systems (AVoCS 2004)},
 journal = {Electr. Notes Theor. Comput. Sci.},
 volume = {128},                              
 number = {6},
 year = {2005},
 pages = {161--177}
}

@article{donaldson2005b,
 author = {Donaldson, A. F. and Miller, A. and Calder, M.},
 title = {Spin-to-Grape: A Tool for Analysing Symmetry in Promela Models},
 booktitle = {Proceedings of ARTS 2004, the 6th AMAST Workshop on Real-Time Systems (ARTS 2004)},
 journal = {Electr. Notes Theor. Comput. Sci.},
 volume = {139},
 number = {1},
 year = {2005},
 pages = {3--23}
}

@inproceedings{fitzgerald2005,
 author = {Fitzgerald, J. and Hayes, I. J. and Tarlecki, A.},
 title = {FM 2005: Formal Methods, International Symposium of Formal Methods Europe, Newcastle, UK, July 18-22, 2005, Proceedings},
 booktitle = {FM},
 series = {Lecture Notes in Computer Science},
 volume = {3582},
 year = {2005}
}

@inproceedings{donaldson2005a,
 author = {Donaldson, A. F. and Miller, A.},
 title = {Automatic Symmetry Detection for Model Checking Using Computational Group Theory},
 booktitle = {FM},
 pages = {481--496},
 year = {2005}
}

@inproceedings{graf2006,
 author = {Graf, S. and Zhang, W.},
 title = {Automated Technology for Verification and Analysis, 4th International Symposium, ATVA 2006, Bejing, China, October 23-26, 2006},
 booktitle = {ATVA},
 series = {Lecture Notes in Computer Science},
 volume = {4218},
 year = {2006}
}

@inproceedings{donaldson2006b,
 author = {Donaldson, A. F. and Miller, A.},
 title = {Symmetry Reduction for Probabilistic Model Checking Using Generic Representatives},
 booktitle = {AVTA},
 year = {2006},
 pages = {9--23}
}

@inproceedings{misra2006,
 author = {Misra, J. and Nipkow, T. and Sekerinski, E.},
 title = {FM 2006: Formal Methods, 14th International Symposium on Formal Methods, Hamilton, Canada, August 21-27, 2006, Proceedings},
 booktitle = {FM},
 series = {Lecture Notes in Computer Science},
 volume = {4085},
 year = {2006}
}

@inproceedings{donaldson2006a,
 author = {Donaldson, A. F. and Miller, A.},
 title = {Exact and Approximate Strategies for Symmetry Reduction in Model Checking},
 booktitle = {FM},
 year = {2006},
 pages = {541--556}
}

@article{miller2006,
 author = {Miller, A. and Donaldson, A. F. and Calder, M.},
 title = {Symmetry in temporal logic model checking},
 journal = {ACM Comput. Surv.},
 volume = {38},
 number = {3},
 year = {2006}
}

@article{miller2007,
 author = {Miller, A. and Calder, M. and Donaldson, A. F.},
 title = {A template-based approach for the generation of abstractable and reducible models of featured networks},
 journal = {Computer Networks},
 volume = {51},
 number = {2},
 year = {2007},
 pages = {439--455}
}

@article{donaldson2007,
 author = {Donaldson, A. F. and Miller, A.},
 title = {Extending Symmetry Reduction Techniques to a Realistic Model of Computation},
 journal = {Electr. Notes Theor. Compt. Sci.},
 volume = {185},
 year = {2007},
 pages = {63--76}
}

@article{gilson2010,
 author = {Gilson, M. K and Irikura, K. K.},
 title = {Symmetry Numbers for Rigid, Flexible, and Fluxional Molecules: Theory and Applications},
 journal = {J. Phys. Chem. B.},
 number = {114},
 year = {2010},
 pages = {16304-16317}
}

@article{konovalov2004g,
 author = {Konovalov, A. B. and Krivokhata, A. G.},
 title = {Symmetric subgroups in modular group algebras},
 journal = {Nauk. Visn. Uzhgorod. Univ., Ser. Mat.},
 number = {9},
 year = {2004},
 note = {Available at http://arxiv.org/abs/0801.0809 translated from the original journal publication in Russian}
}


@article{konovalov2005f,
 author = {Konovalov, A.},
 title = {The computer algebra system GAP 4.4.5 on CHIP-CD 9/2005},
 journal = {``CHIP'' Magazine},
 number = {9},
 year = {2005},
 note = {Supplementary article for the GAP 4.4.5 distribution on
   the CD-appendix to the magazine.}
}

@inproceedings{konovalov2006,
 author = {Konovalov, A.},
 booktitle = {XI International Scientific Kravchuk Conference,
   Kyiv, Ukraine, May 18--20, 2006},
 title = {The library of unit groups of modular group algebras of finite p-groups of order not greater than 128 for the computational algebra system GAP},
 year = {2006},
 pages = {469}
}

@inproceedings{bovdi2005,
  author = {Bovdi, V. and Konovalov, A.},
  booktitle = {A Conference in Honor of Albert Bovdi's 70th Birthday. Abstracts. Debrecen, Hungary, November 18--23},
  title =  {Wreath products in unit groups of modular group algebras of some finite 2-groups},
  year = {2005},
  pages = {26--27}
}

@inproceedings{konovalov2002e,
  author = {Konovalov, A. and Kostenko, E.},
  booktitle = {Proceedings of the XXXII International Conference IT +SE'2005, Autumn Session. Yalta, Ukraine, October 1--10},
  title =  {Testing the conjecture about congruently adjoined clusters in the amorphous state using the computer algebra system GAP},
  year = {2002},
  pages = {84--85}
}

@inproceedings{konovalov2005e,
  author = {Konovalov, A. and Tsapok, A.},
  booktitle = {5th International Algebraic Conference in Ukraine. Abstracts. Odessa, Ukraine, July 20--27},
  title =  {The isomorphism problem for unit groups of modular group algebras of 2-groups of orders 16 and 32},
  year = {2005},
  pages = {104}
}

@inproceedings{konovalov2005d,
  author = {Konovalov, A.},
  booktitle = {Groups and group rings XI. Abstracts. Bedlewo, Poland, June 4--11},
  title =  {Computer investigations of the modular isomorphism problem},
  year = {2005},
  pages = {14}
}

@inproceedings{konovalov2005c,
 author = {Konovalov, A. and Moskalyov, P.}, 
 booktitle = {Actual problems of mathematics and computer science. Abstracts of the 3rd regional scientific conference of young researchers. Zaporozhye, Ukraine, April 21--22, 2005},
 title = {Searching optimal Golomb rulers with permutations groups acting on partitions},
 year = {2005},
 pages = {27}
}

@inproceedings{konovalov2005b,
 author = {Konovalov, A., Kostenko, E. and Savin, V.}, 
 booktitle = {Metal and foundry in Ukraine},
 title = {The modelling of the amporphous state of the fast-tempered Ni-Nb-(Ta,V) alloys},
 year = {2005}
}

@phdthesis{phd:kohl2005,
        author = "Stefan Kohl",
        title = "Restklassenweise affine Gruppen",
        school = "Universit{\"a}t Stuttgart",
        year = "2005",
        mrclass = "Thesis"
}

@incollection{egri-nagy2005b,
  author = "Egri-Nagy, Attila and Nehaniv, Chrystopher L",
  title = "Algebraic Hierarchical Decomposition of Finite State Automata: Comparison of Implementations for Krohn-Rhodes Theory",
  booktitle = "Implementation and Application of Automata",
  year = "2005",
  pages = "315-316",
  publisher = "Springer",
  series = "Lecture Notes in Computer Science",
  volume = "3317",
}

@phdthesis{phd:egri-nagy2005a,
  author = "Attila Egri-Nagy",
  school = "University of Hertfordshire",
  title = "Algebraic Hierarchical Decomposition of Finite State Automata - A Computational Approach",
  year = "2005",
  mrclass = "Thesis"  
}

@mastersthesis{msc:karaarslan,
  author = "Karaarslan, Enis",
  school = "International Computer Institute, Ege University",
  title = "Large Random \& Prime Number Generation",
  type = "MSc Thesis",
  year = "2001",
  mrclass = "Thesis"
}

@inproceedings{karaarslan2004a,
 author = {Karaarslan, Enis},
 booktitle = {3 rd International Conference on Mathematical \& Computational Applications (ICMCA 2002) Conference},
 title = {Primality Testing Techniques and The Importance of Prime Numbers in Security Protocols},
 year = {2004},
}

@misc{kostenko2005a,
  author = {Kostenko, Eugenie Yu.},
  title = {The Modeling of Amorphous State of the Melt-Quenched Ni-Nb Alloys Prepared Including Powdered Components},
  year = {2005},
  note = {Poster presented at Junior Euromat 2004 (http://www.junior-euromat.fems.org/)}
}

@inproceedings{konovalov2004b,
 author = {Konovalov, A. and Lysenko, D.},
 booktitle = {4th All-Ukrainian Conference "Implementation of modern information
             technologies in education". Zaporozhye, Ukraine, December 2004},
 title = {Learning algebra and number theory using the computer algebra system GAP},
 year = {2004},
 pages = {172--179}
}

@inproceedings{boyko2005a,
 author = {Boyko, Yu. and Konovalov, A. and Gnezdovsky, A.},
 booktitle = {Actual problems of mathematics and computer science.
   2nd regional scientific conference of young researchers.
   Zaporozhye, Ukraine, April 22--23, 2004},
 title = {Investigation of linearly independent subgroups
   of unit groups of modular group algebras
   of finite 2-groups},
 year = {2004},
 pages = {24--25},
}

@inproceedings{konovalov2004c,
 author = {Konovalov, A. and Lysenko, D. and Sudakov, A.},
 booktitle = {Actual problems of mathematics and computer science.
   2nd regional scientific conference of young researchers.
   Zaporozhye, Ukraine, April 22--23, 2004},
 title = {Investigation of the modular isomorphism problem
   using the computer algebra system GAP},
 year = {2004},
 pages = {28--29}
}

@inproceedings{boyko2005b,
 author = {Boyko, N. and Konovalov, A. and Shepel, E.},
 booktitle = {Actual problems of mathematics and computer science.
   2nd regional scientific conference of young researchers.
   Zaporozhye, Ukraine, April 22--23, 2004},
 title = {Wreath products in the unit group of the modular group
   algebra of the group G(32,15)},
 year = {2004},
 pages = {32--33}
}

@inproceedings{joyner2005a,
 author = {Joyner, D. and Konovalov, A.},
 booktitle = {2nd International conference
   "Modern coding methods in electronic systems".
   Sumy, Ukraine, October 26--27, 2004},
 title = {Applications of the computer algebra system GAP
   in coding theory},
 year = {2004},
 pages = {18--19}
}

@article{konovalov2004d,
 author = {Konovalov, A.},
 title = {On the computer algebra system GAP},
 journal = {``CHIP'' Magazine},
 number = {9},
 year = {2003},
 note = {Supplementary article for the GAP 4.3 distribution on
   the CD-appendix to the magazine.}
}

@article{konovalov2004e,
 author = {Konovalov, A.},
 title = {The computer algebra system GAP 4.4.3 on CHIP-CD 9/2004},
 journal = {``CHIP'' Magazine},
 number = {9},
 year = {2004},
 note = {Supplementary article for the GAP 4.3 distribution on
   the CD-appendix to the magazine.}
}

@article{konovalov2004f,
 author = {Konovalov, A.},
 title = {Software news. GAP 4.4.},
 journal = {Exponenta Pro. Mathematics in Applications},
 number = {2(6)},
 year = {2004},
 pages = {87}
}

@inproceedings{zinchenko2004a,
 author = {Zinchenko, A.},
 booktitle = {Actual problems of mathematics and computer science.
   2nd regional scientific conference of young researchers.
   Zaporozhye, Ukraine, April 22--23, 2004},
 title = {Extensions of a residue class ring with the help of the
   primitive root of unity},
 year = {2004},
 pages = {27-28}
}

@inproceedings{moskalev2004a,
 author = {Moskalev, P.},
 booktitle = {Actual problems of mathematics and computer science.
   2nd regional scientific conference of young researchers.
   Zaporozhye, Ukraine, April 22--23, 2004},
 title = {Group-theoretical methods in optimal Golomb ruler search},
 year = {2004},
 pages = {29-30}
}

@inproceedings{tsapok2004a,
 author = {Tsapok, A.},
 booktitle = {Actual problems of mathematics and computer science.
   2nd regional scientific conference of young researchers.
   Zaporozhye, Ukraine, April 22--23, 2004},
 title = {Computer investigations of modular group algebras},
 year = {2004},
 pages = {31-32}
}

@inproceedings{tsapok2004b,
 author = {Tsapok, A.},
 booktitle = {X International Scientific Kravchuk Conference,
   Kyiv, Ukraine, May 13--15, 2004},
 title = {Symmetric subgroups of the unit group of the modular group
   algebra of a finite $p$-group},
 year = {2004},
 pages = {545}
}

@inbook{gahler2004a,
  author = "G{\"{a}}hler, Franz",
  title  = "Computer checking of the subgroup data",
  bookeditor = "Wondratschek, Hans and  M{\"{u}}ller, Ulrich",
  booktitle = "Symmetry Relations between Space Groups",
  volume = "A1",
  series = "International Tables for Crystallography",
  publisher = "Kluwer Academic Publishers",
  year = "2006",
  pages = "27--28",
  note = "Published for the International Union of Crystallography",
}


@misc{misc:cohen2002a,
  author = "Cohen, Arjeh R. and Murray, Scott H.",
  title = "An automated proof theory approach to computation with permutation group",
  note = "Lecture notes for the Calculemus Autumn School, Pisa, 23 Sep- 4 Oct 2002)",
  year = "2002",
}

@incollection{havas1994a,
  author = "Havas, George and Jin Xian Lian",
  title = "A new problem in string searching",
  booktitle = "Algorithms and Computation",
  year = "1994",
  pages = "660-668",
  publisher = "Springer",
  series = "Lecture Notes in Computer Science",
  volume = "834",
}

@book{wondratschek2004a,
  title = "Symmetry Relations between Space Groups",
  volume = "A1",
  booktitle = "International Tables for Crystallography",
  edition = "First",
  author = "Wondratschek, Hans and M\"{u}ller, Ulrich",
  publisher = "Kluwer Academic Publishers",
  address = "Dordrecht/Boston/London",
  year = "2004",
  pages = "xii + 731",
  note "Published for the International Union of Crystallography. ISBN 1-4020-2355-3.",
}

@book{rosebrock2004a,
  title = "Geometrische Gruppentheorie - Ein Einstieg mit dem Computer",
  author = "Rosebrock, Stephan",
  publisher = "Vieweg",
  series = "Basiswissen f{\"{u}}r Studium und Mathematikunterricht";
  address = "Wiesbaden",
  year = "2004",
  pages = "xii + 206",
  note "ISBN 3-528-03212-X",
}

@book{joyner2002a,
  author = "Joyner, David",
  title = "Adventures in group theory. {R}ubik's cube, {M}erlin's machine and other mathematical toys.",
  publisher = "Johns Hopkins University Press",
  address = "Baltimore",
  year = "2002",
  pages = "xviii+262 pp",
}

@article{maddux2004a,
  author = "Maddux, RD",
  title = "Self-similarity and the species-area relationship",
  journal = "AMERICAN NATURALIST",
  year = "2004",
  month = "APR",
  volume = "163",
  number = "4",
  pages = "616--626",
}

@article{LNP02a,
  author = {Larri{\'o}n, F. and Neumann-Lara, V. and Piza{\~n}a, M. A.},
   title = {On the Homotopy Type of Clique Graphs},
 journal = {J. of the Brazilian Comp. Soc.},
FJOURNAL = {Journal of the Brazilian Computer Society},
  VOLUME = {7},
  NUMBER = {3},
   PAGES = {69--73},
    YEAR = {2002},
}

@article{schmeid2004a,
  author    = "Schmied, Roman and Lehmann, Kevin K.",
  title     = "Computer-generated character tables and nuclear spin statistical weights: Application to benzene dimer and methane dimer",
  journal   = "Journal of Molecular Spectroscopy",
  year      = "2004",
  note      = "To appear."
}

@article{konovalov2001a,
  author    = "Konovalov, A.",
  title     = "Computer Algebra System GAP",
  journal   = "``CHIP'' Magazine",
  number    = "9",
  year      = "2001",
  note      = "Supplementary article for the GAP 4.2 distribution on the
CD-appendix to the magazine."
}

@manual{konovalov2002a,
  author    = "Konovalov, A.",
  title     = "ISO 1.0 --- The program for calculation of invariants of modular group agebras and investigation of the modular isomorphism problem.",
  year      = "2002",
  note      = "Preprint. Online at http://www.mathpreprints.com/math/Preprint/drkonovalov/20030326/1/"
}

@inproceedings{konovalov2002b,
  author    = "Konovalov, A.",
  title     = "Computer investigations of the modular isomorphism problem",
  booktitle = "Algebra and Applications. Krasnoyarsk, Russia, 5--9 August 2002",
  pages     = "141--142",
  year      = "2002"
}

@inproceedings{konovalov2002c,
  author    = "Konovalov, A.",
  title     = "ISO 1.0 --- The program for investigation of the modular
isomorphism problem of group algebras",
  booktitle = "Algebraic Methods of Discrete Mathematics. Lugansk, Ukraine
23--27 September 2002",
  pages     = "32--34",
  year      = "2002"
}

@article{konovalov2002d,
  author    = "Konovalov, A. and Tsapok, A. G.",
  title     = "Normaliser series in finite groups and Strojnowski problem",
  journal   = "Zaporozhye State University Herald --- Physical and mathematical
sciences",
  number    = "2",
  pages     = "61--65",
  year      = "2002"
}

@inproceedings{ konovalov2003b,
  author = {Konovalov, A. and Bovdi, V. and Schneider, C. and Rossmanith, R.},
  booktitle = {4th International Conference on Algebra. Lviv, Ukraine, 4--9 August 2003},
  title = {Investigations in unit groups of modular group algebras using the GAP4 package LAGUNA 3.0},
  year = {2003},
  pages = {52--53}
}

@inproceedings{ konovalov2003c,
  author = {Konovalov, A. and Kimmerle, W.},
  booktitle = {Algebras, Rings and Modules. Lisboa, Portugal, 14--18 July 2003},
  title = {An  algorithm for the embedding of the given $p$-group into the
           normalised unit group of the modular group algebra of a finite $p$-group.},
  year = {2003},
  pages = {45--46}
}

@misc{muller2002a,
  author       = "J. M{\"{u}}ller",
  title        = "On endomorphism rings and character tables",
  howpublished = "Habilitationsschrift, RWTH Aachen",
  year         = "2003"
}

@mastersthesis{noeske2002a,
  author =	 "Noeske, Felix",
  title =	 "Zur Darstellungstheorie Schurscher Erweiterungen symmetrischer 
Gruppen",
  type =	 "Diploma Thesis",
  school =	 "Aachen University",
  year =	 "2002",
  mrclass = "Thesis"  
}

@article{regueiro2004a,
  author    = "Regueiro, Eugenia O'Reilly",
  title     = "Flag-Transitive Automorphism Groups of Almost Simple Type, with Alternating or Sporadic Socle",
  journal   = "European Journal of Combinatorics",
  note      = "Submitted",
  year      = "2004"
}

@inproceedings{wright2003c,
  author    = "Wright, David",
  title     = "Elicitation and Validation of Graphical Dependability Models",
  booktitle = "SAFECOMP",
  year = "2003",
}

@article{Abdeljaouad99,
  author="Abdeljaouad, I",
  title = "Calculation of primitive invariants of finite groups",
  journal = "RAIRO-INF THEOR APPL",
  volume=33,
  number=1,
  pages="59--77",
  year=1999
}


@Article{ASZ96,
  author =	 "S.A. Annin and G.J. Sherman and J.J. Ziebarth",
  title =	 "Research questions for undergraduates on triple
                  products in finite groups",
  journal =	 "PRIMUS",
  year =	 1996,
  volume =	 "VI",
  number =	 1,
  pages =	 "1--7",
  month =	 "March",
  note =	 "The periodical is on 'Problems, Resources, and
                  Issues in Undergraduate Mathematics Studies', edited
                  by the Department of Mathematical Sciences, United
                  States Military Academy, West point NY 10996-9902
                  USA",
  annote =	 "Quotation from the paper: 'Better yet, GAP is the
                  bargain of the century, ...'"
}

@phdthesis{Araujo00,
   author      = "I.M. Ara\'ujo",
   title       = "Presentations for semigroup constructions and related
 computational methods",
   school      = "University of St Andrews",
   year        = 2000,
   mrclass = "Thesis"
}

@PhdThesis{Cutt00 ,
  author =        {A. Cutting},
  title =         { Todd-Coxeter Methods for inverse monoids },
  school =       {University of St Andrews},
  year =          2000,
  mrclass = "Thesis"  
}

@PhdThesis{SvW97,
  author =        { S. van Willigenberg },
  title =         { The descent algebras of Coxeter groups },
  school =       {University of St Andrews},
  year =          1997,
  mrclass = "Thesis"  
}


@Mastersthesis{Besche92,
  author =	 "Besche, H.",
  title =	 "{Die Berechnung von Charaktergraden und Charakteren
                  endlicher aufl\"osbarer Gruppen im
                  Computeralgebrasystem {\sf GAP}}",
  type =	 dipl,
  school =	 RWTHLDFM,
  address =	 RWTH-A,
  year =	 1992,
  mrclass = "Thesis"  
}

@phdthesis{Bonten93,
  author =	 "Bonten, O.",
  title =	 "{\"U}ber Kommutatoren in endlichen einfachen Gruppen",
  school =	 RWTH,
  address =	 RWTH-A,
  year =	 1993,
  mrclass = "Thesis"  
}

@phdthesis{Szoke98,
  author =	 "Sz{\H o}ke, M.",
  title =	 "Examining Green Correspondents of Weight Modules",
  school =	 RWTH,
  address =	 RWTH-A,
  year =	 1998,
  mrclass = "Thesis"  
}

@phdthesis{Bruckner98,
  author =	 "Br{\"u}ckner, H.",
  title =	 "Algorithmen f{\"u}r endliche aufl{\"o}sbare Gruppen und
  Anwendungen",
  school =	 RWTH,
  address =	 RWTH-A,
  year =	 1998,
  mrclass = "Thesis"  
}

@Mastersthesis{Celler92,
  author =	 "Celler, F.",
  title =	 "{Kohomologie und Normalisatoren in {{\sf GAP}}}",
  type =	 dipl,
  school =	 RWTHLDFM,
  address =	 RWTH-A,
  year =	 1992,
  mrclass = "Thesis"  
}

@phdthesis{Celler97,
  author =	 "Celler, F.",
  title =	 "Konstruktive Erkennungsalgorithmen klassischer Gruppen in
  {{\sf GAP}}",
  school =	 RWTH,
  address =	 RWTH-A,
  year =	 1997,
  mrclass = "Thesis"  
}

@article{Grosse99,
    author="Grosse-Kunstleve, RW",
    title="Algorithms for deriving crystallographic space-group information",
    journal = "ACTA CRYSTALLOGR A",
    volume =55,
    number= 2,
    pages="383-395",
    year =1999
}

@article{Colletti99,
  author="Colletti, BW and Barnes, JW and Dokov S",
  title="A note on characterizing the k-OPT neighborhood via group theory",
  journal="J HEURISTICS",
  volume=5,
  number=1,
  pages="47--51",
  year=1999 
}

@article{CoopermanHavas97,
  author="Cooperman, G and Havas, G",
  title="Practical parallel coset enumeration",
  journal="LECT NOTES CONTR INF",
  volume=226,
  pages="15--27",
  year=1997}

@incollection {Cooperman97,
  author="Gene Cooperman",
  title="{GAP/MPI}: Facilitating Parallelism",
 BOOKTITLE = {Groups and computation, II (New Brunswick, NJ, 1995)},
     PAGES = {69--84},
 PUBLISHER = {Amer. Math. Soc.},
   ADDRESS = {Providence, RI},
      YEAR = {1997},
}



@Mastersthesis{Eick93,
	 author    = "Bettina Eick",
	 title     = "{Spezielle PAG-Systeme im Computeralgebrasystem {\sf GAP}}",
	 type      = dipl,
	 school    = RWTHLDFM,
	 address    = RWTH-A,
	 year      = 1993,
     mrclass = "Thesis"
}

@phdthesis{Eick96,
	 author    = "Bettina Eick",
	 title     = "Charakterisierung und Konstruktion von Frattinigruppen
	 mit Anwendungen in der Konstruktion endlicher Gruppen",
	 school    = RWTH,
	 address    = RWTH-A,
	 year      = 1996,
     mrclass = "Thesis"
}

@phdthesis{Eick01b,
	 author    = "Bettina Eick",
	 title     = "Algorithms for polycyclic groups",
	 type      = "Habilitationsschrift",
	 school    = "University of Kassel",
	 year      = 2001,
     mrclass = "Thesis"
}

@book{Gallian02,
  author="Joseph~A. Gallian",
  title="Contemporary Abstract Algebra",
  edition="fifth",
  publisher="Houghton-Mifflin",
  year="2002"}

@Mastersthesis{Hulpke93,
	 author  = "A. Hulpke",
	 title   = "{Zur Berechnung von Charaktertafeln}",
	 type    = dipl,
	 school    = RWTHLDFM,
	 address    = RWTH-A,
	 year      = 1993,
     mrclass = "Thesis"
}

@phdthesis{Hulpke96,
	 author  = "A. Hulpke",
	 title     = "Konstruktion transitiver Permutationsgruppen",
	 school    = RWTH,
	 address    = RWTH-A,
	 year      = 1996,
     mrclass = "Thesis"
}

@phdthesis{JansenPhD,
	 author  = "C. Jansen",
	 title     = "Ein Atlas 3-modularer Charaktertafeln",
	 school    = RWTH,
	 address    = RWTH-A,
	 year      = 1995,
     mrclass = "Thesis"
}	    

@Mastersthesis{Kohl00,
               author   = "Stefan Kohl",
               title    = "{\"Uber die Anzahl der Bahnen in endlichen Gruppen
 unter der Operation ihrer Automorphismengruppe - Suzuki-Gruppen vs. lineare
 Gruppen}",
               type     = dipl,
               school   = "Universit\"at Stuttgart",
               year     = 2000,
               mrclass = "Thesis" 
}

@PhdThesis{L93,
  author =       "F. L{\"u}beck",
  title =        "Charaktertafeln fr die {G}ruppen $CSp_6(q)$ mit
                  ungeradem $q$ und $Sp_6(q)$ mit geradem $q$",
  school =       "Universit{\"a}t Heidelberg",
  year =          1993,
  type =         "Dissertation",
  mrclass = "Thesis"  
}

@article{Makai00,
  author="Makai, M and Orechwa, Y",
  title="Field reconstruction from measured values in symmetric volumes",
  journal="NUCL ENG DES",
  volume =199,
  number=3,
  pages="289--301",
  year=2000 
}

@Mastersthesis{McCarthy95,
         author    = "L. McCarthy",
         title     = "{Typing for interactive symbolic computation}",
         type      = "Synthesis project",
         school    = "{Dept. of Computer Science}",
         address    = "{University of Massachusetts at Amherst}",
         year      = 1995,
         mrclass = "Thesis"
}

@Mastersthesis{Mnich92,
	 author    = "J. Mnich",
	 title     = "Untergruppenverb{\"a}nde und aufl{\"o}sbare {Gruppen} in {GAP}",
	 type      = dipl,
	 school    = RWTHLDFM,
	 address    = RWTH-A,
	 year      = 1992,
     mrclass = "Thesis",
}

@Mastersthesis{Muller92,
         author  = "J. M{\"u}ller",
	 title   = "{5-modulare Zerlegungszahlen f{\"ur} die sporadische einfache 
Gruppe {$Co_3$}}",
	 type    = dipl,
	 school    = RWTHLDFM,
	 address    = RWTH-A,
	 year      = 1992,
     mrclass = "Thesis"
}


@PhdThesis{Muller95,
  author = 	 "J. M{\"u}ller",
  title = 	 { Zerlegungszahlen f\"ur generische
		  Iwahori-Hecke-Algebren von exzeptionellem Typ},
  school = 	 aachen,
  year = 	 1995,
  mrclass = "Thesis"  
}

@Book{Geck95,
  author = 	 "M. Geck",
  title = 	 "{Beitr{\"a}ge zur Darstellungstheorie von
                  Iwahori-Hecke-Algebren}",
  publisher = 	 "Verlag der Augustinus Buchhandlung",
  year = 	 1995,
  number =	 11,
  series = 	 "{A}achener Beitr{\"a}ge zur Mathematik",
  address =	 "{A}achen",
  note =	 "Habilitationsschrift"
}

@Mastersthesis{Kaup92,
	 author    = "A. Kaup",
	 title     = "Gitterbasen und {C}haraktere endlicher {G}ruppen",
	 type      = dipl,
	 school    = RWTHLDFM,
	 address    = RWTH-A,
	 year      = 1992,
     mrclass   = "Thesis"
}

@MastersThesis{Pfeiffer91,
  author = "G. Pfeiffer",
  title = "Von {P}ermutationscharakteren und {M}arkentafeln",
  school = RWTHLDFM,
  address = RWTH-A,
  year = 1991,
  type = dipl,
  mrclass = "Thesis"  
}

@Mastersthesis{Schmitt-Hartmann93,
	 author    = "R. Schmitt-Hartmann",
	 title     = "{Zerlegung von modularen Matrixdarstellungen der
		  Kleinschen Vierergruppe und von 
                  Kroneckermoduln \"uber endlichen K\"orpern}",
	 type      = dipl,
	 school    = RWTHLDFM,
	 address    = RWTH-A,
	 year      = 1993,
     mrclass   = "Thesis"
}

@Mastersthesis{Rothe93,
	 author    = "B. Rothe",
	 title     = "Konjugiertenklassen in {Gruppen} von {Primzahlpotenzordnung}",
	 type      = dipl,
	 school    = RWTHLDFM,
	 address    = RWTH-A,
	 year      = 1993,
     mrclass   = "Thesis"	 
}

@phdthesis{Wegner92,
	author = 	{A. Wegner},
	title = 	"The Construction of Finite Soluble Factor
                         Groups of Finitely Presented Groups and its
                         Application",
	school =        {University of St Andrews},
	year = 		1992,
    mrclass = "Thesis"	
}

@MastersThesis{Ziegler93,
  author = 	 "G. Ziegler",
  title = 	 {Die Kommutatorstruktur der pro-$p$-Sylowgruppen 
einiger $p$-adisch algebraischer Gruppen.},
  school = 	 LBfM,
  year = 	 1993,
  address =	 rwth,
  type = dipl,
  mrclass = "Thesis"  
}

@phdthesis{Klaas98,
  author = 	 "G. Klaas",
  title = 	 {Konstruktion und Wiedererkenen linearer pro-p-Gruppen
  endlicher Weite},
  school = 	 RWTH,
  year = 	 1998,
  address =	 RWTH-A,
  mrclass = "Thesis"  
}

@phdthesis{Nickel93,
	author =	{W. Nickel},
	title = 	"Central extensions of polycyclic groups",
	school =        anu,
	year =		1993,
    mrclass = "Thesis"	
}

@phdthesis{Niemeyer93,
	author =	{A. C. Niemeyer},
	title = 	{Computing Presentations for Soluble Groups},
	school =       anu,
	year =		1993,
    mrclass = "Thesis"	
}

@PhdThesis{Nebe95,
  author = 	 "G. Nebe",
  title = 	 {Endliche rationale Matrixgruppen vom Grad 24.},
  school = 	 RWTH,
  year = 	 1993,
  address =	 RWTH-A,
  mrclass = "Thesis"  
}

@PhdThesis{Nebe99,
  author = 	 "G. Nebe",
  title = 	 {Orthogonale Darstellungen endlicher Gruppen und Gruppenringe},
  school = 	 RWTH,
  type = "Habilitationsschrift",
  year = 	 1993,
  series = "Aachener Beitr{\"a}ge zur Mathematik",
  volume = 26,
  address =	 RWTH-A,
  mrclass = "Thesis" 
}

@Mastersthesis{Polis93,
	 author    = "U. Polis",
	 title     = "Algorithmen f{\"u}r {P}ermutationsgruppen",
	 type      = dipl,
	 school    = RWTHLDFM,
	 address    = RWTH-A,
	 year      = 1993,
     mrclass   = "Thesis"
}

@phdthesis{Pfeiffer95,
  author =       "G. Pfeiffer",
  title =        "Charakterwerte von {I}wahori-{H}ecke-{A}lgebren von
                  klassischem {T}yp",
  publisher =    "Verlag der Augustinus Buchhandlung, Aachen",
  year =         1995,
  volume =       14,
  series =    "Aachener {Beitr\"age} zur Mathematik",
  school    = RWTH,
  address    = RWTH-A,
  mrclass = "Thesis"  
}

@article{Rosenboom97,
  author="Rosenboom, J",
  title="A distributed algorithm for the construction of invariant subspaces",
  journal="LECT NOTES CONTR INF",
  volume=226,
  pages="138--142",
  year=1997 
}

@article{Sawada01,
  author="Sawada, H",
  title="On a certain algebraic property of block ciphers",
  journal="IEICE T FUND ELECTR E",
  volume= "84A",
  number=5,
  pages="1130--1134",
  year=2001 
}

@Mastersthesis{Scherner92,
	 author    = "M. Scherner",
	 title     = "{Erweiterung einer Arithmetik von 
Kreisteilungsk\"orpern und deren Implementation in {\sf GAP}}",
	 type      = dipl,
	 school    = RWTHLDFM,
	 address    = RWTH-A,
	 year      = 1992,
     mrclass   = "Thesis"
}

@inproceedings{ SchoenertSerres94,
  author =           {Sch{\"o}nert, M. and Seress, A.},
  booktitle =        {Proc. ISSAC 94},
  title =            {Finding blocks of imprimitivity in small base groups in nearly linear time},
  year =             {1994},
  printedkey =       {SS94}
}

@article{ Schonert94,
  author =           {Sch{\"o}nert, M.},
  title =            {An invitation to GAP},
  journal =          {Comp. Sci. J. of Moldova},
  volume =           {3},
  year =             {1994},
  printedkey =       {S94}
}

@Mastersthesis{Skrzipczyk92,
	 author    = "E. Skrzipczyk",
	 title     = "Charaktertafeln von {$p$-Gruppen}",
	 type      = dipl,
	 school    = RWTHLDFM,
	 address    = RWTH-A,
	 year      = 1992,
     mrclass   = "Thesis"
}

@article{Smith96,
  author="Smith, MJ",
  title="Computing automorphisms of finite soluble groups",
  journal="B AUST MATH SOC",
  volume=53,
  number=1,
  pages="169--171",
  year=1996 
}

@InProceedings{Soicher94,
  author =       "L.~H. Soicher",
  title =        "Coset enumeration, permutation group algorithms, and
applications to graphs and geometries",
  booktitle =    "EIDMA Minicourse: Computer Algebra with Emphasis on
Discrete Algebra and Geometry",
  year =         1994,
  organization = "Euler Institute for Discrete Mathematics and its
Applications",
  address =      "Eindhoven"
}

@phdthesis{Souvignier96,
  author =       "B. Souvignier",
  title =        "Erweiterungen von analytischen pro-$p$-Gruppen mit
  endlichen Gruppen vom klassischem {T}yp",
  year =         1995,
  school    = RWTH,
  address    = RWTH-A,
  mrclass = "Thesis"  
}

@Article{Spitznagel94,
  author = 	 "E. L. Spitznagel",
  title = 	 "Review of Mathematical Software, {GAP}",
  journal =	 nams,
  year =	 1994,
  volume =	 41,
  number =	 7,
  pages =	 "780--782",
  month =	 "September"
}

@article{Staszewski97,
  author="Staszewski, R",
  title="Matrix multiplication over small finite fields on MIMD architectures",
  journal="LECT NOTES CONTR INF",
  volume=226,
  pages="183-201",
  year= 1997 
}

@Mastersthesis{Theissen93,
	 author    = "H. Thei{\ss}en",
	 title     = "{Methoden zur Bestimmung der rationalen Konjugiertheit in 
endlichen Gruppen}",
	 type      = dipl,
	 school    = RWTHLDFM,
	 address    = RWTH-A,
	 year      = 1993,
     mrclass   = "Thesis"
}

@phdthesis{Theissen97,
	 author    = "H. Thei{\ss}en",
	 title     = "Eine Methode zur Normalisatorberechnung in
	 Permutationsgruppen mit Anwendungen in der Konstruktion primitiver
	 Gruppen",
	 school    = RWTH,
	 address    = RWTH-A,
	 year      = 1997,
     mrclass   = "Thesis"
}

@phdthesis{Dermott98,
  title="The nonabelian tensor product of groups: computations and structural 
results", 
  author="Aidan McDermott", 
  school="Department of Mathematics, National University of Ireland, Galway",
  year=1998,
  mrclass   = "Thesis"
}

@phdthesis{Delgado94,
        author =        {O. Delgado~Friedrichs},
        title =         {Euclidicity criteria for three-dimensional
                        branched triangulations},
        school =        "Universit{\"a}t Bielefeld",
        year =          1994,
        mrclass   = "Thesis"
}

@Mastersthesis{Wiegelmann94,
  author =	 "M. Wiegelmann",
  title =	 "Fixpunktkondensation von Tensorproduktmoduln",
  type =	 dipl,
  school =	 RWTHLDFM,
  address =	 RWTH-A,
  year =	 1994,     
  mrclass   = "Thesis"
}

@Mastersthesis{Weiss95,
  author =	 "S. Wei{\ss}",
  title =	 "Die Berechnung von Ext-K{\"o}chern mit Relationen 
  f{\"u}r Bl{\"o}cke von Gruppenalgebren",
  type =	 dipl,
  school =	 RWTHLDFM,
  address =	 RWTH-A,
  year =	 1995,    
  mrclass   = "Thesis"
}

@Mastersthesis{Ottensmann00,
  author =	 "M. Ottensmann",
  title =	 "Vervollst{\"a}ndigung der Brauerb{\"a}ume von 3.ON 
  in Charakteristik 11, 19 und 31 mit Methoden der Kondensation",
  type =	 dipl,
  school =	 RWTHLDFM,
  address =	 RWTH-A,
  year =	 2000,
  mrclass   = "Thesis"
}

@Mastersthesis{Rohr00,
  author =	 "F. R{\"o}hr",
  title =	 "Die Brauer-Charaktere der sporadisch einfachen
  Rudvalis-Gruppe in den Charakteristiken 13 und 29",
  type =	 dipl,
  school =	 RWTHLDFM,
  address =	 RWTH-A,
  year =	 2000,
  mrclass   = "Thesis"
}

@Mastersthesis{Merkwitz98,
  author =	 "T. Merkwitz",
  title =	 "Markentafeln endlicher Gruppen",
  type =	 dipl,
  school =	 RWTHLDFM,
  address =	 RWTH-A,
  year =	 1998,     
  mrclass   = "Thesis"
}

@Mastersthesis{Kohler99,
  author =	 "C. K{\"o}hler",
  title =	 "{\"U}ber das k(GV)-Prioblem",
  type =	 dipl,
  school =	 RWTHLDFM,
  address =	 RWTH-A,
  year =	 1999,  
  mrclass   = "Thesis"
}

@Mastersthesis{Kim97,
  author =	 "N. Kim",
  title =	 "Implementierung der MeatAxe in das
  Computeralgebra-System {\sf GAP} unter
  besonderer Ber{\"u}cksichtigung einer schnellen Vektorarithmetik",
  type =	 dipl,
  school =	 RWTHLDFM,
  address =	 RWTH-A,
  year =	 1997,     
  mrclass   = "Thesis"
}

@Mastersthesis{Ivenzic00,
  author =	 "T. Ivenzic'",
  title =	 "Simplizialkomplexe aufl{\"o}sbarer Untergruppen 
  und die Alperinsche Gewichtsvermutung",
  type =	 dipl,
  school =	 RWTHLDFM,
  address =	 RWTH-A,
  year =	 2000,   
  mrclass   = "Thesis"
}

@Mastersthesis{Irnich95,
  author =	 "S. Irnich",
  title =	 "Minimale Vielfachheiten bei der Einschr{\"a}nkung 
  gew{\"o}hnlicher Darstellungen auf Untergruppen",
  type =	 dipl,
  school =	 RWTHLDFM,
  address =	 RWTH-A,
  year =	 1995,
  mrclass   = "Thesis"
}

@Mastersthesis{Himstedt99,
  author =	 "F. Himstedt",
  title =	 "Die Dade-Vermutung f{\"u}r die sporadische Suzuki-Gruppe",
  type =	 dipl,
  school =	 RWTHLDFM,
  address =	 RWTH-A,
  year =	 1999,
  mrclass   = "Thesis"
}

@phdthesis{Wings95,
  author =	 "E. Wings",
  title =	 "{\"U}ber die unipotenten Charaktere der Chevalley-Gruppen
  vom Typ {$F_4$} in guter Charakteristik",
  school =	 RWTH,
  address =	 RWTH-A,
  year =	 1995,
  mrclass  = "Thesis"
}

@Mastersthesis{Hagedorn97,
  author =	 "M. Hagedorn",
  title =	 "Schnitte und Erzeugnisse rationaler Matrixgruppen",
  type =	 dipl,
  school = 	 LBfM,
  address =	 RWTH-A,
  year =	 1997, 
  mrclass   = "Thesis"
}

@Mastersthesis{Sonnenschein93,
  author =	 "E. Sonnenschein",
  title =	 "Designs in Gruppen und homogenen Raeumen",
  type =	 dipl,
  school = 	 LBfM,
  address =	 RWTH-A,
  year =	 1993,     
  mrclass   = "Thesis"
}

@PhdThesis{Wettl95,
  author = 	 "F. Wettl",
  title = 	 "Configuration problems in finite geometries",
  school = 	 "Hungarian Academy of Sciences",
  year = 	 1995,
  note =	 "Candidates Degree",     
  mrclass   = "Thesis"
}

@techreport{Kon99,
        author =        {A. B. Konovalov },
        title =         { Computer Algebra System GAP },
        institution =   {Zaporozhye State University},
        note =          {2nd edition online at http://ukrgap.exponenta.ru/papers/MetGAP43.htm},
        year =          1999
}


@article{ Kon01,
        author =        { A. B. Konovalov },
        title =         {Computer algebra system GAP},
        journal =       {3rd Internat. Conf. on Algebra in Ukraine},
        pages =         {194-195},
        year =          2001
}

% this article is not in the MR list as MR joins it with an -a article that
% does not cite GAP!
@article{MR1284347,
    AUTHOR = {Moori, Jamshid},
     TITLE = {$(2,3,p)$-generations for the {F}ischer group ${F}\sb {22}$},
   JOURNAL = {Comm. Algebra},
  FJOURNAL = {Communications in Algebra},
    VOLUME = {22},
      YEAR = {1994},
    NUMBER = {11},
     PAGES = {4597--4610},
   MRCLASS = {20D08 (20F05)},
  MRNUMBER = {1284347 (95e:20026b)},
}


@INPROCEEDINGS{Pueschel:01,
  AUTHOR = {P{\"u}schel, M. and Singer, B. 
    and Veloso, M. and Moura, J.~M.~F.},
  TITLE = {{Fast Automatic Generation of DSP Algorithms}},
  BOOKTITLE = {Proc.~ICCS 2001},
  PUBLISHER = {Springer},
  SERIES = {LNCS 2073},
  YEAR = 2001,
  PAGES = {97--106}
}

@InProceedings{Egner:1998:SPR,
  author =       "Sebastian Egner and Markus P{\"u}schel",
  title =        "Solving puzzles related to permutation groups",
  editor =       "Oliver Gloor",
  booktitle =    "{ISSAC 98}: Proceedings of the 1998 International
                 Symposium on Symbolic and Algebraic Computation, August
                 13--15, 1998, University of Rostock, Germany",
  publisher =    "ACM Press",
  address =      "New York, NY 10036, USA",
  year =         "1998",
  pages =        "186--193",
  year =         "1998",
  url =
 "http://www.acm.org/pubs/citations/proceedings/issac/281508/p186-egner/",
}

@mastersthesis{Haller2000,
  type =  dipl,
  author = "Sergei Haller",
  title = "{Entwicklung und Implementierung eines Algorithmus zur
Berechnung von Kommutatoren unipotenter Elemente in Chevalley-Gruppen}",
  school = "Arbeits\-grup\-pe Algebra, Mathe\-mati\-sches Insti\-tut,
          Jus\-tus-Lie\-big Uni\-ver\-si\-t{\"a}t Gie{\ss}en",
  address = "Gie{\ss}en, Germany",
  year = "2000",
  month = "April",
  mrclass   = "Thesis"
}

@mastersthesis{Bischops89,
  type    = dipl,
  school    = RWTHLDFM,
  address    = RWTH-A,
  author="Thomas Bischops",
  title="{Collectoren im Programmsystem GAP}",
  month="June",
  year=1989,
  mrclass   = "Thesis"
}

@mastersthesis{Breuer91,
  type    = dipl,
  school    = RWTHLDFM,
  address    = RWTH-A,
  author="Thomas Breuer",
  title="{Potenzabbildungen, Untergruppenfusionen, Tafel-Automorphismen}",
  month="April",
  year=1991,
  mrclass   = "Thesis"
}

@mastersthesis{Fuchs96,
  type    = dipl,
  school    = RWTHLDFM,
  address    = RWTH-A,
  author="Markus Fuchs",
  title="{Erkennungsalgorithmen f{\"u}r Gruppen, implementiert in GAP}",
  month="June",
  year=1996,
  mrclass   = "Thesis"
}

@mastersthesis{Keitemeier95,
  type    = dipl,
  school    = RWTHLDFM,
  address    = RWTH-A,
  author="Susanne Keitemeier",
  title="{Graphische Darstellung von Untergruppenverb{\"a}nden
  im Computeralgebrasystem GAP}",
  month="July",
  year=1995,
  mrclass   = "Thesis"
}

@mastersthesis{Kuhlkamp97,
  type    = dipl,
  school    = RWTHLDFM,
  address    = RWTH-A,
  author="Marco Kuhlkamp",
  title="{Konzeption und Implementation von Hybridgruppen mit Rewriting System
  im Computeralgebrasystem GAP}",
  month="July",
  year=1997,
  mrclass   = "Thesis"
}

@mastersthesis{Meier87,
  type    = dipl,
  school    = RWTHLDFM,
  address    = RWTH-A,
  author="Johannes Meier",
  title="{Ein Interpreter einer Programmiersprache f{\"u}r die Gruppentheorie}",
  month="January",
  year=1987,
  mrclass   = "Thesis"
}

@mastersthesis{Merkwitz97,
  type    = dipl,
  school    = RWTHLDFM,
  address    = RWTH-A,
  author="Wolfgang W. Merkwitz",
  title="{Symbolische Multiplikation in nilpotenten Gruppen mit Deep
  Thought}",
  month="April",
  year=1997,
  mrclass   = "Thesis"
}

@mastersthesis{Nickel88,
  type    = dipl,
  school    = RWTHLDFM,
  address    = RWTH-A,
  author="Werner Nickel",
  title="{Endliche K{\"o}rper im gruppentheoretischen Programmsystem GAP}",
  month="August",
  year=1988,
  mrclass   = "Thesis"
}

@mastersthesis{Niemeyer88,
  type    = dipl,
  school    = RWTHLDFM,
  address    = RWTH-A,
  author="Alice Niemeyer",
  title="{Algorithmen f{\"u}r Permutationsgruppen in GAP}",
  month="August",
  year=1988,
  mrclass   = "Thesis"
}

@mastersthesis{Schonert88,
  type    = dipl,
  school    = RWTHLDFM,
  address    = RWTH-A,
  author="Martin Sch{\"o}nert",
  title="{Konzeption und Implementation des Programmiersystems GAP f{\"u}r
  die Algorithmische Gruppentheorie}",
  month="March",
  year=1987,
  mrclass   = "Thesis"
}

@mastersthesis{Wegner89,
  type    = dipl,
  school    = RWTHLDFM,
  address    = RWTH-A,
  author="Alexander Wegner",
  title="{Implementation eines Algorithmus zur Berechnung endlicher aufl{\"o}sbarer
  Faktorgruppen einer endlich pr{\"a}sentierten Gruppe}",
  month="February",
  year=1989,
  mrclass   = "Thesis"
}

@PhdThesis{Hassan98,
  author =        {N. M. Hassan},
  title =         {Dade's Conjecture},
  school =       {ELTE, Budapest},
  year =          1998,
  mrclass   = "Thesis"
}

@inproceedings{ Konovalov00,
  author = {Konovalov, A.},
  booktitle = {Groups and group rings. Abstracts. Wisla, Poland, June 6--10},
  title =  {On several problems in modular group algebras and their investigations using computer algebra system GAP},
  year = {2000},
  pages = {25},
  key = {K00}
}

@inproceedings{Konovalov01,
  author="A.B. Konovalov",
  title="Computer algebra system GAP",
  booktitle="Ukrainian Mathematical Congress-2001. Kiev, August 21-23",
  pages="29--30",
  publisher="Mathematical Institute of the Ukrainian National Academy of Sciences",
  year=2001
}

@mastersthesis{Grier02,
  type    = "Undergraduate Senior Thesis"
  school    = "Cornell",
  author="Debbie Grier",
  title = "Exploring the Peaks of $S_n$",
  month="May",
  year=2002,
  mrclass   = "Thesis"
}

@mastersthesis{Bauermeister02,
  author    = "Bauermeister, Norbert",
  title     = "Automorphismen von {S}teinersystemen {$S(t,t+2,v)$}",
  type      = "Diplomarbeit",
  school    = "Universit{\"a}t Hannover",
  month     = January,
  year      = 2002,
  mrclass   = "Thesis"
}

@mastersthesis{spence02,
  author    = "Spence, Holly",
  title     = "Character Relations",
  type      = "Senior Thesis",
  school    = "Eastern Illinois",
  year      = "2002"
  mrclass   = "Thesis"
}

@PhdThesis{pizana2002,
  author = {Piza{\~n}a, Miguel A.},
   title = {Gr{\'a}ficas Iteradas de Clanes},
  school = {Universidad Aut{\'o}noma Metropolitana},
 address = {Mexico},
    year = {2002},
  mrclass   = "Thesis"
}

@phdthesis{Sutherland2006,
   author      = "Sutherland, D.",
   title       = "Computer-assisted proofs and the $F^{a,b,c}$ conjecture",
   school      = "University of St Andrews",
   year        = 2006,
   mrclass = "Thesis"
}

@phdthesis{Coutts2010,
   author      = "Coutts, Hannah",
   title       = "Topics in Computational Group Theory: Primitive permutation groups and matrix group normalisers",
   school      = "University of St Andrews",
   year        = 2010,
   mrclass = "Thesis"
}

@phdthesis{Roozemond2010,
   author      = "Roozemond, Dan",
   title       = "Algorithms for Lie Algebras of Algebraic Groups",
   school      = "Technische Universiteit Eindhoven",
   year        = 2010,
   mrclass = "Thesis"
}

% abstract of ISSAC 2011 Software demonstration
@article{effenberger2011,
 author = {Effenberger, F. and Spreer, J.},
 title = {Simplicial blowups and discrete normal surfaces in simpcomp},
 journal = {ACM Communications in Computer Algebra},
 volume = {45},                              
 number = {3},
 year = {2011},
 pages = {173--176}
}

@phdthesis{phd:fahle2012,
 author = "William Fahle",
 school = "The University of Texas at Dallas",
 title = "Multiply Transitive Permutation Sets",
 year = "2012",
 mrclass = "Thesis"
}

@article{ Kahnert2013a,
 author =           {Kahnert, M.},
 title =            {T-matrix computations for particles with high-order finite symmetries},
 journal =          {J. Quant. Spectrosc. Radiat. Transfer},
 volume =           {123},
 year =             {2013},
 pages =            {79--91}
}

@article{ Kahnert2013b,
 author =           {Kahnert, M.},
 title =            {The T-matrix code Tsym for homogeneous dielectric particles with finite symmetries},
 journal =          {J. Quant. Spectrosc. Radiat. Transfer},
 volume =           {123},
 year =             {2013},
 pages =            {62-78}
}

@INPROCEEDINGS{Niepert12,
AUTHOR = "Mathias Niepert ",
TITLE = "Markov Chains on Orbits of Permutation Groups",
BOOKTITLE = "Proceedings of the Twenty-Eighth Conference Annual Conference on Uncertainty in Artificial Intelligence (UAI-12)",
PUBLISHER = "AUAI Press",
ADDRESS = "Corvallis, Oregon",
YEAR = "2012",
PAGES = "624--633"
}

@phdthesis{RaievskaM2012,
   author      = "Raievska, M.",
   title       = "Multiplicative groups of finite local nearrings",
   school      = "Institute of Mathematics, National Academy of Sciences of Ukraine, Kyiv",
   year        = 2012,
   mrclass = "Thesis"
}

@phdthesis{RaievskaI2012,
   author      = "Raievska, I.",
   title       = "The additive groups of finite local nearrings",
   school      = "Institute of Mathematics, National Academy of Sciences of Ukraine, Kyiv",
   year        = 2012,
   mrclass = "Thesis"
}

@article{ RaievskaIM2012,
 author =           {Raievska, I. and Raievska, M. and Sysak, Ya.P.},
 title =            {Local nearrings on non-metacyclic Miller-Moreno groups},
 journal =          {Bulletin of Taras Shevchenko National University of Kyiv. Series: Physics and Mathematics},
 volume =           {3},
 year =             {2012},
 pages =            {39-46}
}

@techreport{Bogdanov-Teillaud-13,
 url = {http://hal.inria.fr/hal-00921157},
 title = {{Delaunay triangulations and cycles on closed hyperbolic surfaces}},
 author = {Bogdanov, Mikhail and Teillaud, Monique},
 type = {Research Report},
 institution = {INRIA},
 number = {8434},
 year = {2013},
 month = December
}

@book{paulsen2009,
  author = {Paulsen, William},
  title = {{Abstract Algebra: An Interactive Approach}}",
  publisher = {CRC Press},
  year = {2009},
  pages = {560 pp},
}

% http://www.maths.qmul.ac.uk/~raw/RWBphd.pdf
@phdthesis{phd:barraclough2005,
        author = "Richard Barraclough",
        title = "Some Calculations Related To The Monster Group",
        school = "University of Birmingham",
        year = "2005",
        mrclass = "Thesis"
}

% https://research-repository.st-andrews.ac.uk/handle/10023/17350
@phdthesis{Torpey2019,
   author      = "Torpey, M.",
   title       = "Semigroup congruences: computational techniques and theoretical applications",
   school      = "University of St Andrews",
   year        = "2019",
   mrclass = "Thesis"
}

% https://research-repository.st-andrews.ac.uk/handle/10023/16521
@phdthesis{Wilson2019,
   author      = "Wilson, W. A.",
   title       = "Computational techniques in finite semigroup theory",
   school      = "University of St Andrews",
   year        = "2019",
   mrclass = "Thesis"
}
